@BOOK{Weber2013,
	AUTHOR 	= {Weber, Robert L. AND Mendoza, Eric},
	YEAR 	= {2013},
	TITLE 	= {Kabinett physikalischer Raritäten - Eine Anthologie zum Mit-, Nach- u. Weiterdenken},
	EDITION = {},
	ISBN 	= {978-3-663-14075-7},
	PUBLISHER = {Springer-Verlag},
	ADDRESS = {Berlin Heidelberg New York},
}

@article{Petard1938,
	author  = {H. Pétard}, 
	title   = {Ein Beitrag zur Mathematischen Theorie der Großwildjagd},
	journal = {American Mathematical Monthly},
	year    = {1938},
	number  = {54},
	pages   = {466},
}

@misc{HAGRMensch,
	author 	= {HAGR},
	title 	= {{Homo sapiens}},
	url 	= {http://genomics.senescence.info/species/entry.php?species=Homo_sapiens},
	year 	= {05.10.2016}
}

@misc{HAGRLowe,
	author	= {HAGR},
	title	= {{Panthera leo}},
	url 	= {http://genomics.senescence.info/species/entry.php?species=Panthera_leo},
	date 	= {2016-10-05}
}

@misc{WAMensch,
	author 	= {WolframAlpha},
	title 	= {{human}},
	url 	= {http://www.wolframalpha.com/input/?i=human},
	date 	= {2016-10-05}
}

@misc{WALowe,
	author 	= {WolframAlpha},
	title 	= {{lion}},
	url 	= {http://www.wolframalpha.com/input/?i=lion},
	date 	= {2016-10-05}
}

@misc{bear,
	author	= {9gag.com},
	title 	= {{Mission: Capture A Rabbit}},
	url 	= {http://images-cdn.9gag.com/photo/4856078_700b.jpg},
	year 	= {05.10.2016}
}

@misc{OEKOTEX,
	author 	= {oeko-tex.com},
	title 	= {{Presseinformation: Maskottchen für den sicheren Textilkauf}},
	url 	= {https://www.oeko-tex.com/de/press/newsroom/pressrelease_31109.html},
	year 	= {2016-10-30}
}